@online{MIT2017,
author = {Thomas C. Redman},
title = {Seizing Opportunity in Data Quality},
year = {10th August 2021  at 14:37},
url = {https://sloanreview.mit.edu/article/seizing-opportunity-in-data-quality/},
month = {},
}


@online{WayToLearnX_docker,
author = {{Way To Learn X}},
title = {Différence entre une image Docker et un conteneur},
year = { 26 Ao\^ut 2021  at 10:47},
url = {https://waytolearnx.com/2019/03/difference-entre-une-image-docker-et-un-conteneur.html},
month = {},
}


@online{linkedinDeepakRout,
author = {Deepak Rout},
title = {Data Quality Tool/Framework Selection},
year = { 17th October 2021  at 09:14},
url = {https://www.linkedin.com/pulse/data-quality-toolframework-selection-deepak-rout},
month = {},
}



@online{PySpark,
author = {{Apache Spark}},
title = {PySpark Documentation},
year = { 11th October 2021  at 09:14},
url = {http://spark.apache.org/docs/latest/api/python/},
month = {},
}


@online{EsKibana,
author = {{Elastic}},
title = {Install Kibana with Docker},
year = { 30 Ao\^ut 2021  at 09:14},
url = {https://www.elastic.co/guide/en/kibana/current/docker.html},
month = {},
}

@online{Dockerdoc,
author = {{Docker Inc.}},
title = {Overview of Docker Compose},
year = { 26 Ao\^ut 2021  at 11:03},
url = {https://docs.docker.com/compose/},
month = {},
}

@online{ApacheGriffinDocDocker,
author = {{Apache}},
title = {Apache Griffin Docker Guide},
year = { 27 Ao\^ut 2021  at 11:09},
url = {https://github.com/apache/griffin/blob/master/griffin-doc/docker/griffin-docker-guide.md},
month = {},
}

@online{ApacheGriffinIntro,
author = {{Apache}},
title = {},
year = { 27 Ao\^ut 2021  at 11:15},
url = {https://github.com/apache/griffin/blob/master/griffin-doc/intro.md},
month = {},
}


@online{ApacheGriffinDocDockerDevEnvBuild,
author = {{Apache}},
title = {Apache Griffin Docker Guide},
year = { 27 Ao\^ut 2021  at 11:09},
url = {https://github.com/apache/griffin/blob/master/griffin-doc/dev/dev-env-build.md},
month = {},
}

@online{RedHatDocker,
author = {{Red Hat}},
title = {Docker, qu'est-ce que c'est ?},
year = { 23 Ao\^ut 2021  at 16:37},
url = {https://www.redhat.com/fr/topics/containers/what-is-docker},
month = {},
}

@report{Techno7,
author = {Isabelle Boydens},
title = {EVALUER ET AMELIORER LA QUALITE DES BASES DE DONNEES},
type = {Publication technique},
institution = {SmalS-MvM},
year = {1998},
number = {7},
month = {01},
pagetotal = {11},
pubstate = {30 janvier 1998},
}



@article{Cai_Zhu_2015,
author = {Li Cai and Yangyong Zhu},
title = {The Challenges of Data Quality and Data Quality Assessment in the Big Data Era},
journal = {Data Science Journal},
year = {2015},
number = {14},
pages = {2},
}

@online{Talend_5V,
author = {{Talend}},
title = {Explication du concept des 5 V du Big Data},
year = { 18 Juillet 2021  at 17:30},
url = {https://www.talend.com/fr/resources/5v-big-data/},
organization = {Talend},
}


@online{Axysweb_Consequences,
author = {{axysweb}},
title = {Quelles sont les conséquences de la non-qualité des données ? },
year = { 05 Juillet 2021  at 09:59},
url = {https://www.axysweb.com/le-cout-de-la-non-qualite-des-donnees/},
organization = {axysweb},
}

@online{efrontech,
author = {{eFrontech}},
title = {La Qualité des données, un levier de taille pour votre ROI !},
year = { 05 Juillet 2021  at 10:16},
url = {https://efrontech.com/la-qualite-des-donnees-un-levier-de-taille-pour-votre-roi/},
month = {21 Septembre 2020},
}

@online{Iso8000,
author = {{International Organization for Standardization}},
title = {ISO 8000-2:2020(en) Data quality — Part 2: Vocabulary},
year = { 16th July 2021  at 14:55},
url = {https://www.iso.org/obp/ui/#iso:std:iso:8000:-2:ed-4:v1:en:term:3.1.2},
organization = {International Organization for Standardization (ISO)},
}


@online{Nutcache_agile,
author = {{Nutcache}},
title = {La méthodologie Scrum expliquée simplement – Le Guide Ultime de la Méthode Agile Scrum},
year = { 29 Juin 2021  at 10:52},
url = {https://www.nutcache.com/fr/blog/methodologie-scrum/},
}

@online{Agiliste_agile,
author = {Florent Lothon},
title = {Introduction aux méthodes agiles et Scrum},
year = { 29 Juin 2021  at 11:02},
url = {https://agiliste.fr/introduction-methodes-agiles/?utm\_referrer=https%5C%3A%5C%2F%5C%2Fwww.google.com%5C%2F},
organization = {L'Agiliste},
}

@online{IFP,
author = {{Tech Insights for Professionals}},
title = {5 problèmes de qualité des données et leurs solutions},
year = { 15 Ao\^ut 2021  at 20:25},
url = {https://www.insightsforprofessionals.com/fr-fr/it/storage/data-quality-problems-solutions},
}



@online{WikiDQ,
author = {{Wikipedia, the free encyclopedia}},
title = {Data quality},
year = { 16 Juillet 2021  at 15:15},
url = {https://en.wikipedia.org/wiki/Data_quality},
}

@online{PreciselyDQ,
author = {Christopher Tozzi},
title = {Why Data Quality Makes or Breaks Your Big Data Operations},
year = { 16 Juillet 2021  at 15:10},
url = {https://www.precisely.com/blog/data-quality/data-quality-big-data-operations},
pubstate = {19 Avril 2020},
}

@online{Lebigdata_5V,
author = { Loïc Bremme},
title = {Définition : Qu’est-ce que le Big Data ?},
year = { 15 Juillet 2021   at 15:11},
url = {https://www.lebigdata.fr/definition-big-data},
}

@article{Cairn_5V,
author = {Thomas Bournay},
title = {Les 5V du big data},
journaltitle = {Regards croisés sur l'économie},
year = {2019},
volume = {23},
number = {2018/2},
pages = {27 - 31},
doi = {10.3917/rce.023.0027},
url = {https://www.cairn.info/revue-regards-croises-sur-l-economie-2018-2-page-27.htm},
urldate = {17/06/2019}
}




@misc{ehrlinger2019survey,
      title={A Survey of Data Quality Measurement and Monitoring Tools}, 
      author={Lisa Ehrlinger and Elisa Rusz and Wolfram Wöß},
      year={2019},
      month={July},
      eprint={1907.08138},
      archivePrefix={arXiv},
      primaryClass={cs.DB}
}


@report{pwc_micro_ebg_2011,
author = {{pwc, Micropole and ebg}},
title = {Qualité des données: Quelle(s) vérité(s) dans les entreprises},
type = {•},
institution = {pwc, Micropole, ebg},
year = {2011},
subtitle = {Quelle(s) vérité(s) dans les entreprises},
}


@report{NISS_2001,
author = {Alan Karr and Ashish Sanil and Jerome Sacks and Ahmed Elmagarmid},
title = {Workshop Report: Affiliates Workshop on Data Quality},
type = {Technical Report},
institution = {{National Institute of Statistical Sciences}},
year = {2001},
number = {117},
location = {PO Box 14006 Research Triangle Park, NC 27709–4006},
month = {Mars},
}


@inproceedings{BigDataQlt,
author = {Taleb, Ikbal and Serhani, Mohamed and Dssouli, Rachida},
year = {2018},
month = {07},
pages = {},
title = {Big Data Quality: A Survey},
doi = {10.1109/BigDataCongress.2018.00029},
url = {https://www.researchgate.net/publication/326519154_Big_Data_Quality_A_Survey}
}

@phdthesis{bensalem,
  TITLE = {{Qualit{\'e} contextuelle des donn{\'e}es : d{\'e}tection et nettoyage guid{\'e}s par la s{\'e}mantique des donn{\'e}es}},
  AUTHOR = {Ben salem, Aïcha},
  URL = {https://tel.archives-ouvertes.fr/tel-01662471},
  NUMBER = {2015USPCD054},
  SCHOOL = {{Universit{\'e} Sorbonne Paris Cit{\'e}}},
  YEAR = {2015},
  MONTH = Mar,
  KEYWORDS = {Data quality ; Data semantics ; Schema recognition ; Similar data ; Qualit{\'e} de donn{\'e}es ; S{\'e}mantique des donn{\'e}es ; Reconnaissance de sch{\'e}ma ; Profilage s{\'e}mantique de donn{\'e}es ; Doublons},
  TYPE = {Th\`eses},
  PDF = {https://tel.archives-ouvertes.fr/tel-01662471/file/edgalilee_th_2015_ben_salem.pdf},
  HAL_ID = {tel-01662471},
  HAL_VERSION = {v1}
}


@booklet{TalanConsulting,
author = {{Talan Consulting}},
title = {Data Management : Comment Mesurer la non-qualité de mes données ?},
year = {2019},
}

@manual{dama,
author = {{Data Administration Management Association United Kingdom Working Group}},
title = {THE SIX PRIMARY DIMENSIONS FOR DATA QUALITY ASSESSMENT},
year = {2013},
pubstate = {Octobre 2013},
}

@article{BertiEquille2004,
author = {Berti-Equille, Laure},
year = {2004},
month = {01},
pages = {},
title = {La qualité des données comme condition à la qualité des connaissances : un état de l'art}
}

@article{articleRamasamyChowdhury2020,
author = {Ramasamy, Anandhi and Chowdhury, Soumitra},
title = {Big Data Quality Dimensions: A Systematic Literature Review},
journaltitle = {dddd },
year = {2020},
month = {05},
doi = {10.4301/S1807-1775202017003},
}

@online{dataGen,
author = {},
title = {Combien de données sont créées chaque jour en 2020? [You’ll be shocked!]},
year = { 9 Ao\^ut 2021   at 16:29},
url = {https://blog-referencement-seo.fr/combien-de-donnees-sont-creees-chaque-jour-en-2020-youll-be-shocked/},
}

@phdthesis{todoran,
  TITLE = {{Etude dynamique de la qualit{\'e} de l'information et des donn{\'e}es d'un syst{\`e}me d'information complexe}},
  AUTHOR = {Todoran, Ion George},
  URL = {https://hal.archives-ouvertes.fr/tel-01206273},
  HAL_LOCAL_REFERENCE = {15231},
  SCHOOL = {{T{\'e}l{\'e}com Bretagne ; Universit{\'e} de Rennes 1}},
  YEAR = {2014},
  MONTH = Dec,
  KEYWORDS = {Medical encoding ; Radar automatic target recognition system ; Data quality ; Information quality ; Quality measures ; Quality transfer function ; Complex information system ; Uncertainty theory ; Codage m{\'e}dical ; Syst{\`e}me radar ; Mod{\'e}lisation de l'incertitude ; Syst{\`e}me d¿information complexe ; Fonction de transfert de qualit{\'e} ; Mesures de qualit{\'e} ; Qualit{\'e} de l'information ; Qualit{\'e} des donn{\'e}es},
  TYPE = {Theses},
  PDF = {https://hal.archives-ouvertes.fr/tel-01206273/file/2014telb0343_Todoran%20Ion-George.pdf},
  HAL_ID = {tel-01206273},
  HAL_VERSION = {v1}
}


@inproceedings{glassoncicognani,
  title = {{Imputation des donn{\'e}es manquantes: Comparaison de diff{\'e}rentes approches}},
  author = {Glasson-Cicognani, M{\'e}lanie and Berchtold, Andr{\'e}},
  url = {https://hal.inria.fr/inria-00494698},
  booktitle = {{42{\`e}mes Journ{\'e}es de Statistique}},
  address = {Marseille, France, France},
  year = {2010},
  pdf = {https://hal.inria.fr/inria-00494698/file/p37.pdf},
  hal_id = {inria-00494698},
  hal_version = {v1},
}


@inbook{datascience,
author ={Biernat, {\'E}ric and Lutz, Michel},
title = {Data science: fondamentaux et {\'e}tudes de cas},
booktitle = {Machine learning avec Python et R},
year = {2015},
booksubtitle = {Machine learning avec Python et R},
pages = {195-197},
}


@misc{ wikistat-dm,
author = {{Wikistat}},
title = {{Imputation de données manquantes --- Wikistat}},
year = {2016},
url = {https://www.math.univ-toulouse.fr/~besse/Wikistat/pdf/st-m-app-idm.pdf},
note = {[En ligne; Page disponible le 21-janvier-2016]}
}


@article{RNTI-papers-1001213,
  author    = {Faouzi Boufarès and Aïcha Ben Salem and Sebastiao Correia},
  title     = {Qualité de données dans les entrepôts de données : élimination des similaires},
  journal = {Revue des Nouvelles Technologies de l'Information},
  volume = {VIIIème  journées francophones sur les Entrepôts de Données et Analyse en ligne, RNTI-B-8},
  year      = {2012},
  pages     = {32-41}
}